<?xml version="1.0"?>
<Document xmlns="urn:iso:std:iso:20022:tech:xsd:camt.053.001.02" xmlns:xsi="http://www.w3.org/2001/XMLSchema-instance">
	<BkToCstmrStmt>
		<GrpHdr>
			<MsgId>Message ID</MsgId>
			<CreDtTm>2012-12-05T16:01:39</CreDtTm>
		</GrpHdr>
		<Stmt>
			<Id>Statement ID 1</Id>
			<ElctrncSeqNb>201200237</ElctrncSeqNb>
			<CreDtTm>2012-12-05T16:01:39</CreDtTm>
			<Acct>
				<Id>
					<Othr>
						<Id>123456789</Id>
						<SchmeNm>
							<Cd>BBAN</Cd>
						</SchmeNm>
					</Othr>
				</Id>
				<Ccy>SEK</Ccy>
				<Ownr>
					<Id>
						<OrgId>
							<Othr>
								<Id>55666778899</Id>
								<SchmeNm>
									<Cd>BANK</Cd>
								</SchmeNm>
							</Othr>
						</OrgId>
					</Id>
				</Ownr>
				<Svcr>
					<FinInstnId>
						<BIC>HANDSESS</BIC>
						<ClrSysMmbId>
							<ClrSysId>
								<Cd>SESBA</Cd>
							</ClrSysId>
							<MmbId>6000</MmbId>
						</ClrSysMmbId>
					</FinInstnId>
				</Svcr>
			</Acct>
			<RltdAcct>
				<Id>
					<Othr>
						<Id>333444555</Id>
						<SchmeNm>
							<Cd>BBAN</Cd>
						</SchmeNm>
					</Othr>
				</Id>
			</RltdAcct>
			<Bal>
				<Tp>
					<CdOrPrtry>
						<Cd>OPBD</Cd>
					</CdOrPrtry>
				</Tp>
				<Amt Ccy="SEK">219456.60</Amt>
				<CdtDbtInd>CRDT</CdtDbtInd>
				<Dt>
					<Dt>2012-12-01</Dt>
				</Dt>
			</Bal>
			<Bal>
				<Tp>
					<CdOrPrtry>
						<Cd>CLBD</Cd>
					</CdOrPrtry>
				</Tp>
				<Amt Ccy="SEK">231403.80</Amt>
				<CdtDbtInd>CRDT</CdtDbtInd>
				<Dt>
					<Dt>2012-12-03</Dt>
				</Dt>
			</Bal>
			<Bal>
				<Tp>
					<CdOrPrtry>
						<Cd>CLAV</Cd>
					</CdOrPrtry>
				</Tp>
				<Amt Ccy="SEK">231403.80</Amt>
				<CdtDbtInd>CRDT</CdtDbtInd>
				<Dt>
					<Dt>2012-12-03</Dt>
				</Dt>
			</Bal>
			<TxsSummry>
				<TtlNtries>
					<NbOfNtries>4</NbOfNtries>
					<TtlNetNtryAmt>11947.20</TtlNetNtryAmt>
					<CdtDbtInd>CRDT</CdtDbtInd>
				</TtlNtries>
			</TxsSummry>
			<Ntry>
				<NtryRef>Entry Reference 1</NtryRef>
				<Amt Ccy="SEK">1387.60</Amt>
				<CdtDbtInd>DBIT</CdtDbtInd>
				<Sts>BOOK</Sts>
				<BookgDt>
					<Dt>2012-12-03</Dt>
				</BookgDt>
				<ValDt>
					<Dt>2012-12-03</Dt>
				</ValDt>
				<AcctSvcrRef>Account Servicer reference 1</AcctSvcrRef>
				<BkTxCd>
					<Domn>
						<Cd>PMNT</Cd>
						<Fmly>
							<Cd>MDOP</Cd>
							<SubFmlyCd>NTAV</SubFmlyCd>
						</Fmly>
					</Domn>
				</BkTxCd>
				<NtryDtls>
					<TxDtls>
						<Refs>
							<Prtry>
								<Tp>OTHR</Tp>
								<Ref>6000 IT-A06</Ref>
							</Prtry>
						</Refs>
					</TxDtls>
				</NtryDtls>
				<AddtlNtryInf>03121806428334</AddtlNtryInf>
			</Ntry>
			<Ntry>
				<NtryRef>Entry Reference 2</NtryRef>
				<Amt Ccy="SEK">8876.80</Amt>
				<CdtDbtInd>CRDT</CdtDbtInd>
				<Sts>BOOK</Sts>
				<BookgDt>
					<Dt>2012-12-03</Dt>
				</BookgDt>
				<ValDt>
					<Dt>2012-12-03</Dt>
				</ValDt>
				<BkTxCd>
					<Domn>
						<Cd>PMNT</Cd>
						<Fmly>
							<Cd>RCDT</Cd>
							<SubFmlyCd>XBCT</SubFmlyCd>
						</Fmly>
					</Domn>
				</BkTxCd>
				<NtryDtls>
					<TxDtls>
						<Refs>
							<Prtry>
								<Tp>OTHR</Tp>
								<Ref>64500ABOL</Ref>
							</Prtry>
						</Refs>
					</TxDtls>
				</NtryDtls>
				<AddtlNtryInf>293234255751</AddtlNtryInf>
			</Ntry>
			<Ntry>
				<NtryRef>Entry reference 3</NtryRef>
				<Amt Ccy="SEK">4533</Amt>
				<CdtDbtInd>CRDT</CdtDbtInd>
				<Sts>BOOK</Sts>
				<BookgDt>
					<Dt>2012-12-03</Dt>
				</BookgDt>
				<ValDt>
					<Dt>2012-12-03</Dt>
				</ValDt>
				<AcctSvcrRef>Account Servicer Reference</AcctSvcrRef>
				<BkTxCd>
					<Domn>
						<Cd>PMNT</Cd>
						<Fmly>
							<Cd>RCDT</Cd>
							<SubFmlyCd>DMCT</SubFmlyCd>
						</Fmly>
					</Domn>
				</BkTxCd>
				<NtryDtls>
					<TxDtls>
						<Refs>
							<Prtry>
								<Tp>OTHR</Tp>
								<Ref>6091 BGINB</Ref>
							</Prtry>
						</Refs>
					</TxDtls>
				</NtryDtls>
				<AddtlNtryInf> 777888800435</AddtlNtryInf>
			</Ntry>
			<Ntry>
				<NtryRef>Entry Reference 4</NtryRef>
				<Amt Ccy="SEK">75</Amt>
				<CdtDbtInd>DBIT</CdtDbtInd>
				<Sts>BOOK</Sts>
				<BookgDt>
					<Dt>2012-12-03</Dt>
				</BookgDt>
				<ValDt>
					<Dt>2012-12-03</Dt>
				</ValDt>
				<BkTxCd>
					<Domn>
						<Cd>ACMT</Cd>
						<Fmly>
							<Cd>MDOP</Cd>
							<SubFmlyCd>CHRG</SubFmlyCd>
						</Fmly>
					</Domn>
				</BkTxCd>
				<NtryDtls>
					<TxDtls>
						<Refs>
							<Prtry>
								<Tp>OTHR</Tp>
								<Ref>0000 AVGIFT</Ref>
							</Prtry>
						</Refs>
					</TxDtls>
				</NtryDtls>
				<AddtlNtryInf>AVG-UTL-CHECK</AddtlNtryInf>
			</Ntry>
			</Stmt>
		<Stmt>
			<Id>Statement ID 2 </Id>
			<ElctrncSeqNb>201200237</ElctrncSeqNb>
			<CreDtTm>2012-12-05T16:01:39</CreDtTm>
			<Acct>
				<Id>
					<Othr>
						<Id>222333444</Id>
						<SchmeNm>
							<Cd>BBAN</Cd>
						</SchmeNm>
					</Othr>
				</Id>
				<Ccy>SEK</Ccy>
				<Ownr>
					<Id>
						<OrgId>
							<Othr>
								<Id>5566778899</Id>
								<SchmeNm>
									<Cd>BANK</Cd>
								</SchmeNm>
							</Othr>
						</OrgId>
					</Id>
				</Ownr>
				<Svcr>
					<FinInstnId>
						<BIC>HANDSESS</BIC>
						<ClrSysMmbId>
							<ClrSysId>
								<Cd>SESBA</Cd>
							</ClrSysId>
							<MmbId>6000</MmbId>
						</ClrSysMmbId>
					</FinInstnId>
				</Svcr>
			</Acct>
			<RltdAcct>
				<Id>
					<Othr>
						<Id>333444535</Id>
						<SchmeNm>
							<Cd>BBAN</Cd>
						</SchmeNm>
					</Othr>
				</Id>
			</RltdAcct>
			<Bal>
				<Tp>
					<CdOrPrtry>
						<Cd>OPBD</Cd>
					</CdOrPrtry>
				</Tp>
				<Amt Ccy="SEK">527941.32</Amt>
				<CdtDbtInd>CRDT</CdtDbtInd>
				<Dt>
					<Dt>2012-12-01</Dt>
				</Dt>
			</Bal>
			<Bal>
				<Tp>
					<CdOrPrtry>
						<Cd>CLBD</Cd>
					</CdOrPrtry>
				</Tp>
				<Amt Ccy="SEK">527941.32</Amt>
				<CdtDbtInd>CRDT</CdtDbtInd>
				<Dt>
					<Dt>2012-12-03</Dt>
				</Dt>
			</Bal>
			<Bal>
				<Tp>
					<CdOrPrtry>
						<Cd>CLAV</Cd>
					</CdOrPrtry>
				</Tp>
				<Amt Ccy="SEK">527941.32</Amt>
				<CdtDbtInd>CRDT</CdtDbtInd>
				<Dt>
					<Dt>2012-12-03</Dt>
				</Dt>
			</Bal>
		</Stmt>
		<Stmt>
			<Id>Statement ID 3</Id>
			<ElctrncSeqNb>201200237</ElctrncSeqNb>
			<CreDtTm>2012-12-05T16:01:39</CreDtTm>
			<Acct>
				<Id>
					<Othr>
						<Id>45678910</Id>
						<SchmeNm>
							<Cd>BBAN</Cd>
						</SchmeNm>
					</Othr>
				</Id>
				<Ccy>NOK</Ccy>
				<Ownr>
					<Id>
						<OrgId>
							<Othr>
								<Id>5566778899</Id>
								<SchmeNm>
									<Cd>BANK</Cd>
								</SchmeNm>
							</Othr>
						</OrgId>
					</Id>
				</Ownr>
				<Svcr>
					<FinInstnId>
						<BIC>HANDSESS</BIC>
						<ClrSysMmbId>
							<ClrSysId>
								<Cd>SESBA</Cd>
							</ClrSysId>
							<MmbId>6000</MmbId>
						</ClrSysMmbId>
					</FinInstnId>
				</Svcr>
			</Acct>
			<Bal>
				<Tp>
					<CdOrPrtry>
						<Cd>OPBD</Cd>
					</CdOrPrtry>
				</Tp>
				<Amt Ccy="NOK">96483.98</Amt>
				<CdtDbtInd>DBIT</CdtDbtInd>
				<Dt>
					<Dt>2012-12-01</Dt>
				</Dt>
			</Bal>
			<Bal>
				<Tp>
					<CdOrPrtry>
						<Cd>CLBD</Cd>
					</CdOrPrtry>
				</Tp>
				<Amt Ccy="NOK">251742.98</Amt>
				<CdtDbtInd>DBIT</CdtDbtInd>
				<Dt>
					<Dt>2012-12-03</Dt>
				</Dt>
			</Bal>
			<Bal>
				<Tp>
					<CdOrPrtry>
						<Cd>CLAV</Cd>
					</CdOrPrtry>
				</Tp>
				<Amt Ccy="NOK">251742.98</Amt>
				<CdtDbtInd>DBIT</CdtDbtInd>
				<Dt>
					<Dt>2012-12-03</Dt>
				</Dt>
			</Bal>
			<TxsSummry>
				<TtlNtries>
					<NbOfNtries>1</NbOfNtries>
					<TtlNetNtryAmt>155259</TtlNetNtryAmt>
					<CdtDbtInd>DBIT</CdtDbtInd>
				</TtlNtries>
			</TxsSummry>
			<Ntry>
				<NtryRef>Entry Reference 1</NtryRef>
				<Amt Ccy="NOK">155259</Amt>
				<CdtDbtInd>DBIT</CdtDbtInd>
				<Sts>BOOK</Sts>
				<BookgDt>
					<Dt>2012-12-03</Dt>
				</BookgDt>
				<ValDt>
					<Dt>2012-12-03</Dt>
				</ValDt>
				<BkTxCd>
					<Domn>
						<Cd>PMNT</Cd>
						<Fmly>
							<Cd>ICDT</Cd>
							<SubFmlyCd>NTAV</SubFmlyCd>
						</Fmly>
					</Domn>
				</BkTxCd>
				<NtryDtls>
					<TxDtls>
						<Refs>
							<Prtry>
								<Tp>OTHR</Tp>
								<Ref>1234567</Ref>
							</Prtry>
						</Refs>
					</TxDtls>
				</NtryDtls>
				<AddtlNtryInf>14987654321HC</AddtlNtryInf>
			</Ntry>
		</Stmt>
	</BkToCstmrStmt>
</Document>
