<?xml version="1.0" encoding="UTF-8"?>
<Document xmlns="urn:iso:std:iso:20022:tech:xsd:camt.053.001.02" xmlns:xsi="http://www.w3.org/2001/XMLSchema-Instance">
	<BkToCstmrStmt>
		<GrpHdr>
			<MsgId>CAMT17324320151019001</MsgId>
			<CreDtTm>2015-10-20T17:47:01</CreDtTm>
		</GrpHdr>
		<Stmt>
			<Id>55667788992015102000001</Id>
			<CreDtTm>2015-10-20T17:47:01</CreDtTm>
			<Acct>
				<Id>
					<Othr>
						<Id>401234567</Id>
						<SchmeNm>
							<Cd>BBAN</Cd>
						</SchmeNm>
					</Othr>
				</Id>
				<Ccy>SEK</Ccy>
				<Ownr>
					<Id>
						<OrgId>
							<Othr>
								<Id>5566778899</Id>
								<SchmeNm>
									<Cd>BANK</Cd>
								</SchmeNm>
							</Othr>
						</OrgId>
					</Id>
				</Ownr>
				<Svcr>
					<FinInstnId>
						<BIC>HANDSESS</BIC>
						<ClrSysMmbId>
							<ClrSysId>
								<Cd>SESBA</Cd>
							</ClrSysId>
							<MmbId>6290</MmbId>
						</ClrSysMmbId>
					</FinInstnId>
				</Svcr>
			</Acct>
			<Bal>
				<Tp>
					<CdOrPrtry>
						<Cd>OPBD</Cd>
					</CdOrPrtry>
				</Tp>
				<Amt Ccy="SEK">1900</Amt>
				<CdtDbtInd>CRDT</CdtDbtInd>
				<Dt>
					<Dt>2015-10-19</Dt>
				</Dt>
			</Bal>
			<Bal>
				<Tp>
					<CdOrPrtry>
						<Cd>CLBD</Cd>
					</CdOrPrtry>
				</Tp>
				<Amt Ccy="SEK">1929</Amt>
				<CdtDbtInd>CRDT</CdtDbtInd>
				<Dt>
					<Dt>2015-10-19</Dt>
				</Dt>
			</Bal>
			<Bal>
				<Tp>
					<CdOrPrtry>
						<Cd>CLAV</Cd>
					</CdOrPrtry>
				</Tp>
				<Amt Ccy="SEK">1929</Amt>
				<CdtDbtInd>CRDT</CdtDbtInd>
				<Dt>
					<Dt>2015-10-19</Dt>
				</Dt>
			</Bal>
			<TxsSummry>
				<TtlCdtNtries>
					<NbOfNtries>3</NbOfNtries>
					<Sum>44</Sum>
				</TtlCdtNtries>
				<TtlDbtNtries>
					<NbOfNtries>1</NbOfNtries>
					<Sum>15</Sum>
				</TtlDbtNtries>
			</TxsSummry>
			<Ntry>
				<NtryRef>5566778899201510200000100001</NtryRef>
				<Amt Ccy="SEK">22</Amt>
				<CdtDbtInd>CRDT</CdtDbtInd>
				<Sts>BOOK</Sts>
				<BookgDt>
					<Dt>2015-10-19</Dt>
				</BookgDt>
				<ValDt>
					<Dt>2015-10-19</Dt>
				</ValDt>
				<AcctSvcrRef>4669960020178545</AcctSvcrRef>
				<BkTxCd>
					<Domn>
						<Cd>PMNT</Cd>
						<Fmly>
							<Cd>RCDT</Cd>
							<SubFmlyCd>ATXN</SubFmlyCd>
						</Fmly>
					</Domn>
					<Prtry>
						<Cd>MOB</Cd>
					</Prtry>
				</BkTxCd>
				<NtryDtls>
					<TxDtls>
						<Refs>
							<ClrSysRef>4669960020178545</ClrSysRef>
							<Prtry>
								<Tp>OTHR</Tp>
								<Ref>6290 SB-E43</Ref>
							</Prtry>
						</Refs>
						<AmtDtls>
							<InstdAmt>
								<Amt Ccy="SEK">22</Amt>
							</InstdAmt>
							<TxAmt>
								<Amt Ccy="SEK">22</Amt>
							</TxAmt>
						</AmtDtls>
						<RltdPties>
							<Dbtr>
								<Nm>Gustav Gran</Nm>
							</Dbtr>
							<DbtrAcct>
								<Id>
									<Othr>
										<Id>+46700150825</Id>
										<SchmeNm>
											<Prtry>MOBNB</Prtry>
										</SchmeNm>
									</Othr>
								</Id>
							</DbtrAcct>
							<CdtrAcct>
								<Id>
									<Othr>
										<Id>1233634284</Id>
										<SchmeNm>
											<Prtry>MOBNB</Prtry>
										</SchmeNm>
									</Othr>
								</Id>
							</CdtrAcct>
						</RltdPties>
						<RltdAgts>
							<CdtrAgt>
								<FinInstnId>
									<BIC>HANDSESS</BIC>
								</FinInstnId>
							</CdtrAgt>
						</RltdAgts>
						<RmtInf>
							<Ustrd>Message 22 max 50 characters</Ustrd>
							<Strd>
								<CdtrRefInf>
									<Tp>
										<CdOrPrtry>
											<Cd>PUOR</Cd>
										</CdOrPrtry>
									</Tp>
									<Ref>Order ID max 35 characters</Ref>
								</CdtrRefInf>
							</Strd>
						</RmtInf>
						<AddtlTxInf>2015-10-19-15.18.28.802007</AddtlTxInf>
					</TxDtls>
				</NtryDtls>
			</Ntry>
			<Ntry>
				<NtryRef>55667788992015102010000100002</NtryRef>
				<Amt Ccy="SEK">21</Amt>
				<CdtDbtInd>CRDT</CdtDbtInd>
				<Sts>BOOK</Sts>
				<BookgDt>
					<Dt>2015-10-19</Dt>
				</BookgDt>
				<ValDt>
					<Dt>2015-10-19</Dt>
				</ValDt>
				<AcctSvcrRef>4669959744288524</AcctSvcrRef>
				<BkTxCd>
					<Domn>
						<Cd>PMNT</Cd>
						<Fmly>
							<Cd>RCDT</Cd>
							<SubFmlyCd>ATXN</SubFmlyCd>
						</Fmly>
					</Domn>
					<Prtry>
						<Cd>MOB</Cd>
					</Prtry>
				</BkTxCd>
				<NtryDtls>
					<TxDtls>
						<Refs>
							<ClrSysRef>4669959744288524</ClrSysRef>
							<Prtry>
								<Tp>OTHR</Tp>
								<Ref>6290 SB-E43</Ref>
							</Prtry>
						</Refs>
						<AmtDtls>
							<InstdAmt>
								<Amt Ccy="SEK">21</Amt>
							</InstdAmt>
							<TxAmt>
								<Amt Ccy="SEK">21</Amt>
							</TxAmt>
						</AmtDtls>
						<RltdPties>
							<Dbtr>
								<Nm>Anna Swish</Nm>
							</Dbtr>
							<DbtrAcct>
								<Id>
									<Othr>
										<Id>+46700220555</Id>
										<SchmeNm>
											<Prtry>MOBNB</Prtry>
										</SchmeNm>
									</Othr>
								</Id>
							</DbtrAcct>
							<CdtrAcct>
								<Id>
									<Othr>
										<Id>1233634284</Id>
										<SchmeNm>
											<Prtry>MOBNB</Prtry>
										</SchmeNm>
									</Othr>
								</Id>
							</CdtrAcct>
						</RltdPties>
						<RltdAgts>
							<CdtrAgt>
								<FinInstnId>
									<BIC>HANDSESS</BIC>
								</FinInstnId>
							</CdtrAgt>
						</RltdAgts>
						<RmtInf>
							<Ustrd>Message 21 max 50 characters</Ustrd>
							<Strd>
								<CdtrRefInf>
									<Tp>
										<CdOrPrtry>
											<Cd>PUOR</Cd>
										</CdOrPrtry>
									</Tp>
									<Ref>Order ID max 35 characters</Ref>
								</CdtrRefInf>
							</Strd>
						</RmtInf>
						<AddtlTxInf>2015-10-19-15.18.01.448120</AddtlTxInf>
					</TxDtls>
				</NtryDtls>
			</Ntry>
			<Ntry>
				<NtryRef>5566778899201510200000100003</NtryRef>
				<Amt Ccy="SEK">1</Amt>
				<CdtDbtInd>CRDT</CdtDbtInd>
				<Sts>BOOK</Sts>
				<BookgDt>
					<Dt>2015-10-19</Dt>
				</BookgDt>
				<ValDt>
					<Dt>2015-10-19</Dt>
				</ValDt>
				<AcctSvcrRef>4669911026048157</AcctSvcrRef>
				<BkTxCd>
					<Domn>
						<Cd>PMNT</Cd>
						<Fmly>
							<Cd>RCDT</Cd>
							<SubFmlyCd>ATXN</SubFmlyCd>
						</Fmly>
					</Domn>
					<Prtry>
						<Cd>MOB</Cd>
					</Prtry>
				</BkTxCd>
				<NtryDtls>
					<TxDtls>
						<Refs>
							<ClrSysRef>4669911026048157</ClrSysRef>
							<Prtry>
								<Tp>OTHR</Tp>
								<Ref>6290 SB-E43</Ref>
							</Prtry>
						</Refs>
						<AmtDtls>
							<InstdAmt>
								<Amt Ccy="SEK">1</Amt>
							</InstdAmt>
							<TxAmt>
								<Amt Ccy="SEK">1</Amt>
							</TxAmt>
						</AmtDtls>
						<RltdPties>
							<Dbtr>
								<Nm>THERESE STRAND</Nm>
							</Dbtr>
							<DbtrAcct>
								<Id>
									<Othr>
										<Id>+46728396737</Id>
										<SchmeNm>
											<Prtry>MOBNB</Prtry>
										</SchmeNm>
									</Othr>
								</Id>
							</DbtrAcct>
							<CdtrAcct>
								<Id>
									<Othr>
										<Id>1233634284</Id>
										<SchmeNm>
											<Prtry>MOBNB</Prtry>
										</SchmeNm>
									</Othr>
								</Id>
							</CdtrAcct>
						</RltdPties>
						<RltdAgts>
							<CdtrAgt>
								<FinInstnId>
									<BIC>HANDSESS</BIC>
								</FinInstnId>
							</CdtrAgt>
						</RltdAgts>
						<RmtInf>
							<Ustrd>Message 1 max 50 characters</Ustrd>
							<Strd>
								<CdtrRefInf>
									<Tp>
										<CdOrPrtry>
											<Cd>PUOR</Cd>
										</CdOrPrtry>
									</Tp>
									<Ref>Order ID max 35 characters</Ref>
								</CdtrRefInf>
							</Strd>
						</RmtInf>
						<AddtlTxInf>2015-10-19-13.56.49.727214</AddtlTxInf>
					</TxDtls>
				</NtryDtls>
			</Ntry>
			<Ntry>
				<NtryRef>5566778899201510200000100004</NtryRef>
				<Amt Ccy="SEK">15</Amt>
				<CdtDbtInd>DBIT</CdtDbtInd>
				<Sts>BOOK</Sts>
				<BookgDt>
					<Dt>2015-10-19</Dt>
				</BookgDt>
				<ValDt>
					<Dt>2015-10-19</Dt>
				</ValDt>
				<AcctSvcrRef>4669873074677905</AcctSvcrRef>
				<BkTxCd>
					<Domn>
						<Cd>PMNT</Cd>
						<Fmly>
							<Cd>ICDT</Cd>
							<SubFmlyCd>ARET</SubFmlyCd>
						</Fmly>
					</Domn>
					<Prtry>
						<Cd>MOB</Cd>
					</Prtry>
				</BkTxCd>
				<NtryDtls>
					<TxDtls>
						<Refs>
							<ClrSysRef>4669873074677905</ClrSysRef>
							<Prtry>
								<Tp>OTHR</Tp>
								<Ref>6290 SB-E43</Ref>
							</Prtry>
						</Refs>
						<AmtDtls>
							<InstdAmt>
								<Amt Ccy="SEK">15</Amt>
							</InstdAmt>
							<TxAmt>
								<Amt Ccy="SEK">15</Amt>
							</TxAmt>
						</AmtDtls>
						<RltdPties>
							<DbtrAcct>
								<Id>
									<Othr>
										<Id>1233634284</Id>
										<SchmeNm>
											<Prtry>MOBNB</Prtry>
										</SchmeNm>
									</Othr>
								</Id>
							</DbtrAcct>
							<Cdtr>
								<Nm>SVEN SVENSSON</Nm>
							</Cdtr>
							<CdtrAcct>
								<Id>
									<Othr>
										<Id>+46769374866</Id>
										<SchmeNm>
											<Prtry>MOBNB</Prtry>
										</SchmeNm>
									</Othr>
								</Id>
							</CdtrAcct>
						</RltdPties>
						<RltdAgts>
							<DbtrAgt>
								<FinInstnId>
									<BIC>HANDSESS</BIC>
								</FinInstnId>
							</DbtrAgt>
						</RltdAgts>
						<AddtlTxInf>2015-10-19-12.53.34.057101</AddtlTxInf>
					</TxDtls>
				</NtryDtls>
			</Ntry>
		</Stmt>
	</BkToCstmrStmt>
</Document>
