<?xml version="1.0" encoding="UTF-8"?>
<Document xmlns="urn:iso:std:iso:20022:tech:xsd:camt.053.001.02" xmlns:xsi="http://www.w3.org/2001/XMLSchema-Instance" xmlns:n1="http://www.w3.org/2001/XMLSchema-instance">
	<BkToCstmrStmt>
		<GrpHdr>
			<MsgId>CAMT13081320170203001</MsgId>
			<CreDtTm>2017-02-06T10:52:42</CreDtTm>
		</GrpHdr>
		<Stmt>
			<Id>55667788992017012700001</Id>
			<ElctrncSeqNb>201700019</ElctrncSeqNb>
			<CreDtTm>2017-02-06T10:52:42</CreDtTm>
			<Acct>
				<Id>
					<IBAN>FI213131300123456</IBAN>
				</Id>
				<Ccy>EUR</Ccy>
				<Ownr>
					<Id>
						<OrgId>
							<Othr>
								<Id>5566778899</Id>
								<SchmeNm>
									<Cd>BANK</Cd>
								</SchmeNm>
							</Othr>
						</OrgId>
					</Id>
				</Ownr>
				<Svcr>
					<FinInstnId>
						<BIC>HANDFIHH</BIC>
					</FinInstnId>
				</Svcr>
			</Acct>
			<Bal>
				<Tp>
					<CdOrPrtry>
						<Cd>OPBD</Cd>
					</CdOrPrtry>
				</Tp>
				<Amt Ccy="EUR">737.31</Amt>
				<CdtDbtInd>CRDT</CdtDbtInd>
				<Dt>
					<Dt>2017-01-27</Dt>
				</Dt>
			</Bal>
			<Bal>
				<Tp>
					<CdOrPrtry>
						<Cd>CLBD</Cd>
					</CdOrPrtry>
				</Tp>
				<Amt Ccy="EUR">83765.28</Amt>
				<CdtDbtInd>CRDT</CdtDbtInd>
				<Dt>
					<Dt>2017-01-27</Dt>
				</Dt>
			</Bal>
			<Bal>
				<Tp>
					<CdOrPrtry>
						<Cd>CLAV</Cd>
					</CdOrPrtry>
				</Tp>
				<Amt Ccy="EUR">83765.28</Amt>
				<CdtDbtInd>CRDT</CdtDbtInd>
				<Dt>
					<Dt>2017-01-27</Dt>
				</Dt>
			</Bal>
			<TxsSummry>
				<TtlCdtNtries>
					<NbOfNtries>5</NbOfNtries>
					<Sum>83027.97</Sum>
				</TtlCdtNtries>
			</TxsSummry>
			<Ntry>
				<NtryRef>5566778899201701270000100003</NtryRef>
				<Amt Ccy="EUR">8171.60</Amt>
				<CdtDbtInd>CRDT</CdtDbtInd>
				<Sts>BOOK</Sts>
				<BookgDt>
					<Dt>2017-01-27</Dt>
				</BookgDt>
				<ValDt>
					<Dt>2017-01-27</Dt>
				</ValDt>
				<BkTxCd>
					<Domn>
						<Cd>PMNT</Cd>
						<Fmly>
							<Cd>RCDT</Cd>
							<SubFmlyCd>ESCT</SubFmlyCd>
						</Fmly>
					</Domn>
				</BkTxCd>
				<NtryDtls>
					<TxDtls>
						<Refs>
							<Prtry>
								<Tp>OTHR</Tp>
								<Ref>01262588CEBH0018</Ref>
							</Prtry>
						</Refs>
						<AmtDtls>
							<InstdAmt>
								<Amt Ccy="EUR">8171.6</Amt>
							</InstdAmt>
							<TxAmt>
								<Amt Ccy="EUR">8171.6</Amt>
							</TxAmt>
						</AmtDtls>
						<RltdPties>
							<Dbtr>
								<Nm>DEBTOR OY</Nm>
							</Dbtr>
						</RltdPties>
						<RltdAgts>
							<CdtrAgt>
								<FinInstnId>
									<BIC>HANDFIHH</BIC>
								</FinInstnId>
							</CdtrAgt>
						</RltdAgts>
						<RmtInf>
							<Strd>
								<CdtrRefInf>
									<Tp>
										<CdOrPrtry>
											<Cd>SCOR</Cd>
										</CdOrPrtry>
									</Tp>
									<Ref>63940</Ref>
								</CdtrRefInf>
							</Strd>
						</RmtInf>
					</TxDtls>
				</NtryDtls>
			</Ntry>
			<Ntry>
				<NtryRef>55667788999201701270000100004</NtryRef>
				<Amt Ccy="EUR">47783.40</Amt>
				<CdtDbtInd>CRDT</CdtDbtInd>
				<Sts>BOOK</Sts>
				<BookgDt>
					<Dt>2017-01-27</Dt>
				</BookgDt>
				<ValDt>
					<Dt>2017-01-27</Dt>
				</ValDt>
				<BkTxCd>
					<Domn>
						<Cd>PMNT</Cd>
						<Fmly>
							<Cd>RCDT</Cd>
							<SubFmlyCd>ESCT</SubFmlyCd>
						</Fmly>
					</Domn>
				</BkTxCd>
				<NtryDtls>
					<TxDtls>
						<Refs>
							<Prtry>
								<Tp>OTHR</Tp>
								<Ref>01262588CEBH0015</Ref>
							</Prtry>
						</Refs>
						<AmtDtls>
							<InstdAmt>
								<Amt Ccy="EUR">47783.4</Amt>
							</InstdAmt>
							<TxAmt>
								<Amt Ccy="EUR">47783.4</Amt>
							</TxAmt>
						</AmtDtls>
						<RltdPties>
							<Dbtr>
								<Nm>DEBTOR OYJ</Nm>
							</Dbtr>
						</RltdPties>
						<RltdAgts>
							<CdtrAgt>
								<FinInstnId>
									<BIC>HANDFIHH</BIC>
								</FinInstnId>
							</CdtrAgt>
						</RltdAgts>
						<RmtInf>
							<Ustrd>63953</Ustrd>
						</RmtInf>
					</TxDtls>
				</NtryDtls>
			</Ntry>
			<Ntry>
				<NtryRef>5566778899202712220000100005</NtryRef>
				<Amt Ccy="EUR">742.45</Amt>
				<CdtDbtInd>CRDT</CdtDbtInd>
				<Sts>BOOK</Sts>
				<BookgDt>
					<Dt>2027-12-22</Dt>
				</BookgDt>
				<ValDt>
					<Dt>2027-12-22</Dt>
				</ValDt>
				<AcctSvcrRef>20170123456</AcctSvcrRef>
				<BkTxCd>
					<Domn>
						<Cd>PMNT</Cd>
						<Fmly>
							<Cd>RCDT</Cd>
							<SubFmlyCd>ESCT</SubFmlyCd>
						</Fmly>
					</Domn>
				</BkTxCd>
				<NtryDtls>
					<TxDtls>
						<Refs>
							<EndToEndId>End to End ID 12</EndToEndId>
						</Refs>
						<AmtDtls>
							<InstdAmt>
								<Amt Ccy="EUR">742.45</Amt>
							</InstdAmt>
							<TxAmt>
								<Amt Ccy="EUR">742.45</Amt>
							</TxAmt>
						</AmtDtls>
						<RltdPties>
							<Dbtr>
								<Nm>TEST OY</Nm>
							</Dbtr>
						</RltdPties>
						<RltdAgts>
							<CdtrAgt>
								<FinInstnId>
									<BIC>HANDFIHH</BIC>
								</FinInstnId>
							</CdtrAgt>
						</RltdAgts>
						<RmtInf>
							<Strd>
								<RfrdDocAmt>
									<RmtdAmt Ccy="EUR">1371.13</RmtdAmt>
								</RfrdDocAmt>
								<CdtrRefInf>
									<Tp>
										<CdOrPrtry>
											<Cd>SCOR</Cd>
										</CdOrPrtry>
									</Tp>
									<Ref>9544208</Ref>
								</CdtrRefInf>
							</Strd>
							<Strd>
								<RfrdDocInf>
									<Tp>
										<CdOrPrtry>
											<Cd>CREN</Cd>
										</CdOrPrtry>
									</Tp>
									<Nb>9582095</Nb>
								</RfrdDocInf>
								<RfrdDocAmt>
									<CdtNoteAmt Ccy="EUR">628.68</CdtNoteAmt>
								</RfrdDocAmt>
							</Strd>
						</RmtInf>
					</TxDtls>
				</NtryDtls>
			</Ntry>
			<Ntry>
				<NtryRef>5566778899202712220000100006</NtryRef>
				<Amt Ccy="EUR">6000.54</Amt>
				<CdtDbtInd>CRDT</CdtDbtInd>
				<Sts>BOOK</Sts>
				<BookgDt>
					<Dt>2017-01-27</Dt>
				</BookgDt>
				<ValDt>
					<Dt>2017-01-27</Dt>
				</ValDt>
				<AcctSvcrRef>201702013131LG123456</AcctSvcrRef>
				<BkTxCd>
					<Domn>
						<Cd>PMNT</Cd>
						<Fmly>
							<Cd>RCDT</Cd>
							<SubFmlyCd>ESCT</SubFmlyCd>
						</Fmly>
					</Domn>
				</BkTxCd>
				<NtryDtls>
					<TxDtls>
						<Refs>
							<EndToEndId>EndToEndId 13</EndToEndId>
						</Refs>
						<AmtDtls>
							<InstdAmt>
								<Amt Ccy="EUR">6000.54</Amt>
							</InstdAmt>
							<TxAmt>
								<Amt Ccy="EUR">6000.54</Amt>
							</TxAmt>
						</AmtDtls>
						<RltdPties>
							<Dbtr>
								<Nm>DEBTOR FINLAND OY</Nm>
								<PstlAdr>
									<StrtNm>Street ABC</StrtNm>
								</PstlAdr>
							</Dbtr>
						</RltdPties>
						<RltdAgts>
							<CdtrAgt>
								<FinInstnId>
									<BIC>HANDFIHH</BIC>
								</FinInstnId>
							</CdtrAgt>
						</RltdAgts>
						<RmtInf>
							<Strd>
								<RfrdDocInf>
									<Tp>
										<CdOrPrtry>
											<Cd>CINV</Cd>
										</CdOrPrtry>
									</Tp>
									<Nb> 9580572</Nb>
								</RfrdDocInf>
								<RfrdDocAmt>
									<RmtdAmt Ccy="EUR">6256.7</RmtdAmt>
								</RfrdDocAmt>
							</Strd>
							<Strd>
								<RfrdDocInf>
									<Tp>
										<CdOrPrtry>
											<Cd>CREN</Cd>
										</CdOrPrtry>
									</Tp>
									<Nb>00000000000009580521</Nb>
								</RfrdDocInf>
								<RfrdDocAmt>
									<CdtNoteAmt Ccy="EUR">166.46</CdtNoteAmt>
								</RfrdDocAmt>
							</Strd>
							<Strd>
								<RfrdDocInf>
									<Tp>
										<CdOrPrtry>
											<Cd>CREN</Cd>
										</CdOrPrtry>
									</Tp>
									<Nb>00000000000009579095</Nb>
								</RfrdDocInf>
								<RfrdDocAmt>
									<CdtNoteAmt Ccy="EUR">89.7</CdtNoteAmt>
								</RfrdDocAmt>
							</Strd>
						</RmtInf>
					</TxDtls>
				</NtryDtls>
			</Ntry>
			<Ntry>
				<NtryRef>5566778899201701270000100007</NtryRef>
				<Amt Ccy="EUR">20329.98</Amt>
				<CdtDbtInd>CRDT</CdtDbtInd>
				<Sts>BOOK</Sts>
				<BookgDt>
					<Dt>2017-01-27</Dt>
				</BookgDt>
				<ValDt>
					<Dt>2017-01-27</Dt>
				</ValDt>
				<BkTxCd>
					<Domn>
						<Cd>PMNT</Cd>
						<Fmly>
							<Cd>RCDT</Cd>
							<SubFmlyCd>XBCT</SubFmlyCd>
						</Fmly>
					</Domn>
				</BkTxCd>
				<NtryDtls>
					<TxDtls>
						<Refs>
							<Prtry>
								<Tp>OTHR</Tp>
								<Ref>0127313190U60802</Ref>
							</Prtry>
						</Refs>
						<AmtDtls>
							<InstdAmt>
								<Amt Ccy="SEK">195178</Amt>
							</InstdAmt>
							<TxAmt>
								<Amt Ccy="EUR">20329.98</Amt>
							</TxAmt>
						</AmtDtls>
						<RltdPties>
							<Dbtr>
								<Nm>SVENSKA DEBTOR AB</Nm>
							</Dbtr>
						</RltdPties>
						<RltdAgts>
							<CdtrAgt>
								<FinInstnId>
									<BIC>HANDFIHH</BIC>
								</FinInstnId>
							</CdtrAgt>
						</RltdAgts>
						<RmtInf>
							<Ustrd>3131090U20127141                   PANO/INSÄTTN  EUR          20329,98</Ustrd>
							<Ustrd>KURSSI/KURS                 9,60050MAKSU/UPPDR.  SEK         195178,00</Ustrd>
							<Ustrd>ULK.ARVOPV/UTL.VALUT.DAG 27.01.2017MAKSUMÄÄR./BET. ORDER</Ustrd>
							<Ustrd>SE REFUND 17074-1657  195178,00 +4610-5747012</Ustrd>
							<Ustrd>FI2016000000043244                 FI20651142</Ustrd>
						</RmtInf>
					</TxDtls>
				</NtryDtls>
			</Ntry>
		</Stmt>
	</BkToCstmrStmt>
</Document>
